<record><leader>00000cas a2200000 a 4500</leader><controlfield tag="001">45229134</controlfield><controlfield tag="008">001025d19351966cauwr ne      0    0eng c</controlfield><datafield ind1=" " ind2=" " tag="010"><subfield code="a">sn 00060426 </subfield></datafield><datafield ind1=" " ind2=" " tag="040"><subfield code="a">CNK</subfield><subfield code="b">eng</subfield><subfield code="c">CNK</subfield><subfield code="d">OCLCQ</subfield><subfield code="d">OCLCF</subfield><subfield code="d">OCLCO</subfield></datafield><datafield ind1="1" ind2=" " tag="029"><subfield code="a">AU@</subfield><subfield code="b">000022025901</subfield></datafield><datafield ind1=" " ind2=" " tag="042"><subfield code="a">pcc</subfield></datafield><datafield ind1=" " ind2=" " tag="043"><subfield code="a">n-us-ca</subfield></datafield><datafield ind1="0" ind2="4" tag="245"><subfield code="a">The Santa Ana independent.</subfield></datafield><datafield ind1="1" ind2="7" tag="246"><subfield code="a">Santa Ana independent and news-advertiser</subfield><subfield code="f">&lt;Jan. 19, 1961-Dec. 27, 1962&gt;</subfield></datafield><datafield ind1=" " ind2=" " tag="260"><subfield code="a">Santa Ana, Calif. :</subfield><subfield code="b">Alvin B. Berry</subfield></datafield><datafield ind1=" " ind2=" " tag="300"><subfield code="a">v.</subfield></datafield><datafield ind1=" " ind2=" " tag="310"><subfield code="a">Weekly</subfield></datafield><datafield ind1="0" ind2=" " tag="362"><subfield code="a">Vol. 1, no. 1 (Oct. 25, 1935)-v. 31, no. 16 (Feb. 10, 1966).</subfield></datafield><datafield ind1=" " ind2=" " tag="500"><subfield code="a">"The Santa Ana" appears in smaller print above "Independent."</subfield></datafield><datafield ind1=" " ind2="0" tag="651"><subfield code="a">Santa Ana (Calif.)</subfield><subfield code="v">Newspapers.</subfield></datafield><datafield ind1=" " ind2="7" tag="655"><subfield code="a">Newspapers.</subfield><subfield code="2">fast</subfield><subfield code="0">(OCoLC)fst01423814</subfield></datafield><datafield ind1=" " ind2="7" tag="651"><subfield code="a">California</subfield><subfield code="z">Santa Ana.</subfield><subfield code="2">fast</subfield><subfield code="0">(OCoLC)fst01210538</subfield></datafield><datafield ind1=" " ind2=" " tag="752"><subfield code="a">United States</subfield><subfield code="b">California</subfield><subfield code="c">Orange</subfield><subfield code="d">Santa Ana.</subfield></datafield><datafield ind1="0" ind2=" " tag="775"><subfield code="t">Buena Park independent</subfield><subfield code="w">(DLC)sn2002060204</subfield></datafield><datafield ind1="0" ind2=" " tag="775"><subfield code="t">North Orange County independent</subfield><subfield code="w">(DLC)sn2002060231</subfield></datafield><datafield ind1="0" ind2=" " tag="775"><subfield code="t">Orange independent</subfield><subfield code="w">(DLC)sn2002060230</subfield></datafield></record>